%% This BibTeX bibliography file was created using BibDesk.
%% https://bibdesk.sourceforge.io/

%% Created for Tim Brust at 2019-08-22 15:41:16 +0200 


%% Saved with string encoding Unicode (UTF-8) 



@inproceedings{kim-new-way-fido,
	Abstract = {W{\"a}hrend es beim Thema IT-Sicherheit noch sehr stark um politische Rahmenbedingungen, Regularien und Standards geht, gibt es nat{\"u}rlich bereits L{\"o}sungen, die vern{\"u}nftig funktionieren und weiterentwickelt werden. Politische Rahmenbedingungen sind nat{\"u}rlich wichtig, aber es muss auf der technischen Ebene im t{\"a}glichen Leben funktionieren. FIDO steht f{\"u}r Fast IDentity Online und steht f{\"u}r das Thema Datensicherheit im Allgemeinen und Authentifizierung und Identifikation im Speziellen.},
	Address = {Wiesbaden, Germany},
	Author = {Nguyen, Kim},
	Booktitle = {Sicherheit im Wandel von Technologien und M{\"a}rkten},
	Date-Added = {2019-08-18 23:46:38 +0200},
	Date-Modified = {2019-08-18 23:47:06 +0200},
	Editor = {Bub, Udo and Deleski, Viktor and Wolfenstetter, Klaus-Dieter},
	Isbn = {978-3-658-11274-5},
	Pages = {49--54},
	Publisher = {Springer Fachmedien Wiesbaden},
	Title = {Neue Wege der hardware-basierten Authentisierung und Identifikation: FIDO, PKI und mehr},
	Year = {2015},
	Bdsk-File-1 = {YnBsaXN0MDDSAQIDBFxyZWxhdGl2ZVBhdGhZYWxpYXNEYXRhbxDgAC4ALgAvAC4ALgAvAFMAbwB1AHIAYwBlAHMALwBCAG8AbwBrAHMALwBVAGQAbwAgAEIAdQBiACwAIABWAGkAawB0AG8AcgAgAEQAZQBsAGUAcwBrAGkALAAgAEsAbABhAHUAcwAtAEQAaQBlAHQAZQByACAAVwBvAGwAZgBlAG4AcwB0AGUAdAB0AGUAcgAgACgAZQBkAHMALgApACAALQAgAFMAaQBjAGgAZQByAGgAZQBpAHQAIABpAG0AIABXAGEAbgBkAGUAbAAgAHYAbwBuACAAVABlAGMAaABuAG8AbABvAGcAaQBlAG4AIAB1AG4AZAAgAE0AYQMIAHIAawB0AGUAbgBfACAAVABhAGcAdQBuAGcAcwBiAGEAbgBkACAAegB1AHIAIAB2AGkAZQByAHQAZQBuACAARQBJAFQAIABJAEMAVAAgAEwAYQBiAHMALQBLAG8AbgBmAGUAcgBlAG4AegAgAHoAdQByACAASQBUAC0AUwBpAGMAaABlAHIAaABlAGkAdAAtAFMAcAByAGkAbgBnAGUAcgAgAFYAaQBlAHcAZQBnACAAKAAyADAAMQA1ACkALgBwAGQAZk8RBGIAAAAABGIAAgAABVdJTkdTAAAAAAAAAAAAAAAAAAAAAAAAAAAAAAAAAABCRAAB/////x9VZG8gQnViLCBWaWt0b3IgRGUjRkZGRkZGRkYucGRmAAAAAAAAAAAAAAAAAAAAAAAAAAAAAAAAAAAAAAAAAAD/////AAAAAAAAAAAAAAAAAAIAAwAAEgBjdQAAAAAAAAAAAAAAAAAFQm9va3MAAAIBAi86Vm9sdW1lczp1QUs2czhSZVJ5MzlfMDpNYXN0ZXIgVGhlc2lzOlNvdXJjZXM6Qm9va3M6VWRvIEJ1YiwgVmlrdG9yIERlbGVza2ksIEtsYXVzLURpZXRlciBXb2xmZW5zdGV0dGVyIChlZHMuKSAtIFNpY2hlcmhlaXQgaW0gV2FuZGVsIHZvbiBUZWNobm9sb2dpZW4gdW5kIE1hzIhya3Rlbl8gVGFndW5nc2JhbmQgenVyIHZpZXJ0ZW4gRUlUIElDVCBMYWJzLUtvbmZlcmVueiB6dXIgSVQtU2ljaGVyaGVpdC1TcHJpbmdlciBWaWV3ZWcgKDIwMTUpLnBkZgAOAZoAzABVAGQAbwAgAEIAdQBiACwAIABWAGkAawB0AG8AcgAgAEQAZQBsAGUAcwBrAGkALAAgAEsAbABhAHUAcwAtAEQAaQBlAHQAZQByACAAVwBvAGwAZgBlAG4AcwB0AGUAdAB0AGUAcgAgACgAZQBkAHMALgApACAALQAgAFMAaQBjAGgAZQByAGgAZQBpAHQAIABpAG0AIABXAGEAbgBkAGUAbAAgAHYAbwBuACAAVABlAGMAaABuAG8AbABvAGcAaQBlAG4AIAB1AG4AZAAgAE0AYQMIAHIAawB0AGUAbgBfACAAVABhAGcAdQBuAGcAcwBiAGEAbgBkACAAegB1AHIAIAB2AGkAZQByAHQAZQBuACAARQBJAFQAIABJAEMAVAAgAEwAYQBiAHMALQBLAG8AbgBmAGUAcgBlAG4AegAgAHoAdQByACAASQBUAC0AUwBpAGMAaABlAHIAaABlAGkAdAAtAFMAcAByAGkAbgBnAGUAcgAgAFYAaQBlAHcAZQBnACAAKAAyADAAMQA1ACkALgBwAGQAZgAPAAwABQBXAEkATgBHAFMAEgDqL01hc3RlciBUaGVzaXMvU291cmNlcy9Cb29rcy9VZG8gQnViLCBWaWt0b3IgRGVsZXNraSwgS2xhdXMtRGlldGVyIFdvbGZlbnN0ZXR0ZXIgKGVkcy4pIC0gU2ljaGVyaGVpdCBpbSBXYW5kZWwgdm9uIFRlY2hub2xvZ2llbiB1bmQgTWHMiHJrdGVuXyBUYWd1bmdzYmFuZCB6dXIgdmllcnRlbiBFSVQgSUNUIExhYnMtS29uZmVyZW56IHp1ciBJVC1TaWNoZXJoZWl0LVNwcmluZ2VyIFZpZXdlZyAoMjAxNSkucGRmABMAFy9Wb2x1bWVzL3VBSzZzOFJlUnkzOV8wAP//AAAACAANABoAJAHnAAAAAAAAAgEAAAAAAAAABQAAAAAAAAAAAAAAAAAABk0=},
	Bdsk-Url-1 = {https://link.springer.com/chapter/10.1007%2F978-3-658-11274-5_8}}

@book{eckert-it-sec-9,
	Address = {Munich, Germany},
	Author = {Claudia Eckert},
	Date-Added = {2019-07-30 23:54:09 +0200},
	Date-Modified = {2019-08-22 15:30:25 +0200},
	Edition = {9},
	Isbn = {978-3-486-77848-9},
	Publisher = {De Gruyter},
	Title = {IT-Sicherheit: Konzepte - Verfahren - Protokolle},
	Year = {2014}}

@book{Jain2011,
	Address = {New York, NY, USA},
	Author = {Anil K. Jain and Arun A. Ross and Karthik Nandakumar},
	Date-Added = {2019-07-30 21:45:37 +0200},
	Date-Modified = {2019-07-30 23:05:46 +0200},
	Doi = {10.1007/978-0-387-77326-1},
	Isbn = {978-0-387-77325-4},
	Publisher = {Springer},
	Title = {Introduction to Biometrics},
	Year = {2011},
	Bdsk-File-1 = {YnBsaXN0MDDSAQIDBFxyZWxhdGl2ZVBhdGhZYWxpYXNEYXRhXxCDLi4vLi4vU291cmNlcy9Cb29rcy9BbmlsIEsuIEphaW4sIEFydW4gQS4gUm9zcywgS2FydGhpayBOYW5kYWt1bWFyIChhdXRoLikgLSBJbnRyb2R1Y3Rpb24gdG8gQmlvbWV0cmljcyAgICAgKDIwMTEsIFNwcmluZ2VyIFVTKS5wZGZPEQLsAAAAAALsAAIAAAVXSU5HUwAAAAAAAAAAAAAAAAAAAAAAAAAAAAAAAAAAQkQAAf////8fQW5pbCBLLiBKYWluLCBBcnVuI0ZGRkZGRkZGLnBkZgAAAAAAAAAAAAAAAAAAAAAAAAAAAAAAAAAAAAAAAAAA/////wAAAAAAAAAAAAAAAAACAAMAABIAY3UAAAAAAAAAAAAAAAAABUJvb2tzAAACAKQvOlZvbHVtZXM6dUFLNnM4UmVSeTM5XzA6TWFzdGVyIFRoZXNpczpTb3VyY2VzOkJvb2tzOkFuaWwgSy4gSmFpbiwgQXJ1biBBLiBSb3NzLCBLYXJ0aGlrIE5hbmRha3VtYXIgKGF1dGguKSAtIEludHJvZHVjdGlvbiB0byBCaW9tZXRyaWNzICAgICAoMjAxMSwgU3ByaW5nZXIgVVMpLnBkZgAOAOAAbwBBAG4AaQBsACAASwAuACAASgBhAGkAbgAsACAAQQByAHUAbgAgAEEALgAgAFIAbwBzAHMALAAgAEsAYQByAHQAaABpAGsAIABOAGEAbgBkAGEAawB1AG0AYQByACAAKABhAHUAdABoAC4AKQAgAC0AIABJAG4AdAByAG8AZAB1AGMAdABpAG8AbgAgAHQAbwAgAEIAaQBvAG0AZQB0AHIAaQBjAHMAIAAgACAAIAAgACgAMgAwADEAMQAsACAAUwBwAHIAaQBuAGcAZQByACAAVQBTACkALgBwAGQAZgAPAAwABQBXAEkATgBHAFMAEgCML01hc3RlciBUaGVzaXMvU291cmNlcy9Cb29rcy9BbmlsIEsuIEphaW4sIEFydW4gQS4gUm9zcywgS2FydGhpayBOYW5kYWt1bWFyIChhdXRoLikgLSBJbnRyb2R1Y3Rpb24gdG8gQmlvbWV0cmljcyAgICAgKDIwMTEsIFNwcmluZ2VyIFVTKS5wZGYAEwAXL1ZvbHVtZXMvdUFLNnM4UmVSeTM5XzAA//8AAAAIAA0AGgAkAKoAAAAAAAACAQAAAAAAAAAFAAAAAAAAAAAAAAAAAAADmg==}}

@book{Vacca2017aa,
	Address = {Cambridge, MA, USA},
	Author = {John R Vacca},
	Date-Added = {2019-07-28 00:20:42 +0200},
	Date-Modified = {2019-08-09 5:57:57 PM +0200},
	Edition = {3},
	Isbn = {978-0-12-803843-7},
	Publisher = {Morgan Kaufmann},
	Title = {Computer and Information Security Handbook},
	Year = {2017},
	Bdsk-File-1 = {YnBsaXN0MDDSAQIDBFxyZWxhdGl2ZVBhdGhZYWxpYXNEYXRhXxByLi4vLi4vU291cmNlcy9Cb29rcy9Kb2huIFIuIFZhY2NhIChFZGl0b3IpIC0gQ29tcHV0ZXIgYW5kIEluZm9ybWF0aW9uIFNlY3VyaXR5IEhhbmRib29rLU1vcmdhbiBLYXVmbWFubiAoMjAxNykucGRmTxECqgAAAAACqgACAAAFV0lOR1MAAAAAAAAAAAAAAAAAAAAAAAAAAAAAAAAAAEJEAAH/////H0pvaG4gUi4gVmFjY2EgKEVkaSNGRkZGRkZGRi5wZGYAAAAAAAAAAAAAAAAAAAAAAAAAAAAAAAAAAAAAAAAAAP////8AAAAAAAAAAAAAAAAAAgADAAASAGN1AAAAAAAAAAAAAAAAAAVCb29rcwAAAgCTLzpWb2x1bWVzOnVBSzZzOFJlUnkzOV8wOk1hc3RlciBUaGVzaXM6U291cmNlczpCb29rczpKb2huIFIuIFZhY2NhIChFZGl0b3IpIC0gQ29tcHV0ZXIgYW5kIEluZm9ybWF0aW9uIFNlY3VyaXR5IEhhbmRib29rLU1vcmdhbiBLYXVmbWFubiAoMjAxNykucGRmAAAOAL4AXgBKAG8AaABuACAAUgAuACAAVgBhAGMAYwBhACAAKABFAGQAaQB0AG8AcgApACAALQAgAEMAbwBtAHAAdQB0AGUAcgAgAGEAbgBkACAASQBuAGYAbwByAG0AYQB0AGkAbwBuACAAUwBlAGMAdQByAGkAdAB5ACAASABhAG4AZABiAG8AbwBrAC0ATQBvAHIAZwBhAG4AIABLAGEAdQBmAG0AYQBuAG4AIAAoADIAMAAxADcAKQAuAHAAZABmAA8ADAAFAFcASQBOAEcAUwASAHsvTWFzdGVyIFRoZXNpcy9Tb3VyY2VzL0Jvb2tzL0pvaG4gUi4gVmFjY2EgKEVkaXRvcikgLSBDb21wdXRlciBhbmQgSW5mb3JtYXRpb24gU2VjdXJpdHkgSGFuZGJvb2stTW9yZ2FuIEthdWZtYW5uICgyMDE3KS5wZGYAABMAFy9Wb2x1bWVzL3VBSzZzOFJlUnkzOV8wAP//AAAACAANABoAJACZAAAAAAAAAgEAAAAAAAAABQAAAAAAAAAAAAAAAAAAA0c=}}

@book{zabicki2019practical,
	Address = {Raleigh, NC, USA},
	Author = {Zabicki, Roman},
	Date-Added = {2019-07-26 5:46:44 PM +0200},
	Date-Modified = {2019-08-09 6:04:32 PM +0200},
	Isbn = {978-1-68050-634-1},
	Publisher = {Pragmatic Programmers, LLC},
	Title = {Practical Security: Simple Practices for Defending Your Systems},
	Year = {2019},
	Bdsk-File-1 = {YnBsaXN0MDDSAQIDBFxyZWxhdGl2ZVBhdGhZYWxpYXNEYXRhXxArLi4vLi4vU291cmNlcy9Cb29rcy9QcmFjdGljYWwgU2VjdXJpdHkuZXB1Yk8RAYwAAAAAAYwAAgAABVdJTkdTAAAAAAAAAAAAAAAAAAAAAAAAAAAAAAAAAABCRAAB/////xdQcmFjdGljYWwgU2VjdXJpdHkuZXB1YgAAAAAAAAAAAAAAAAAAAAAAAAAAAAAAAAAAAAAAAAAAAAAAAAAAAAD/////AAAAAAAAAAAAAAAAAAIAAwAAEgBjdQAAAAAAAAAAAAAAAAAFQm9va3MAAAIATC86Vm9sdW1lczp1QUs2czhSZVJ5MzlfMDpNYXN0ZXIgVGhlc2lzOlNvdXJjZXM6Qm9va3M6UHJhY3RpY2FsIFNlY3VyaXR5LmVwdWIADgAwABcAUAByAGEAYwB0AGkAYwBhAGwAIABTAGUAYwB1AHIAaQB0AHkALgBlAHAAdQBiAA8ADAAFAFcASQBOAEcAUwASADQvTWFzdGVyIFRoZXNpcy9Tb3VyY2VzL0Jvb2tzL1ByYWN0aWNhbCBTZWN1cml0eS5lcHViABMAFy9Wb2x1bWVzL3VBSzZzOFJlUnkzOV8wAP//AAAACAANABoAJABSAAAAAAAAAgEAAAAAAAAABQAAAAAAAAAAAAAAAAAAAeI=}}

@book{grimes2017hacking,
	Address = {Indianapolis, IN, USA},
	Author = {Roger A. Grimes},
	Date-Added = {2019-07-26 5:32:12 PM +0200},
	Date-Modified = {2019-08-22 15:32:31 +0200},
	Isbn = {978-1-119-39621-5},
	Lccn = {2017934291},
	Publisher = {Wiley},
	Title = {Hacking the Hacker: Learn From the Experts Who Take Down Hackers},
	Year = {2017},
	Bdsk-File-1 = {YnBsaXN0MDDSAQIDBFxyZWxhdGl2ZVBhdGhZYWxpYXNEYXRhXxB3Li4vLi4vU291cmNlcy9Cb29rcy9Sb2dlciBBLiBHcmltZXMgLSBIYWNraW5nIHRoZSBIYWNrZXJfIExlYXJuIEZyb20gdGhlIEV4cGVydHMgV2hvIFRha2UgRG93biBIYWNrZXJzLVdpbGV5ICgyMDE3KS5wZGZPEQK8AAAAAAK8AAIAAAVXSU5HUwAAAAAAAAAAAAAAAAAAAAAAAAAAAAAAAAAAQkQAAf////8fUm9nZXIgQS4gR3JpbWVzIC0gI0ZGRkZGRkZGLnBkZgAAAAAAAAAAAAAAAAAAAAAAAAAAAAAAAAAAAAAAAAAA/////wAAAAAAAAAAAAAAAAACAAMAABIAY3UAAAAAAAAAAAAAAAAABUJvb2tzAAACAJgvOlZvbHVtZXM6dUFLNnM4UmVSeTM5XzA6TWFzdGVyIFRoZXNpczpTb3VyY2VzOkJvb2tzOlJvZ2VyIEEuIEdyaW1lcyAtIEhhY2tpbmcgdGhlIEhhY2tlcl8gTGVhcm4gRnJvbSB0aGUgRXhwZXJ0cyBXaG8gVGFrZSBEb3duIEhhY2tlcnMtV2lsZXkgKDIwMTcpLnBkZgAOAMgAYwBSAG8AZwBlAHIAIABBAC4AIABHAHIAaQBtAGUAcwAgAC0AIABIAGEAYwBrAGkAbgBnACAAdABoAGUAIABIAGEAYwBrAGUAcgBfACAATABlAGEAcgBuACAARgByAG8AbQAgAHQAaABlACAARQB4AHAAZQByAHQAcwAgAFcAaABvACAAVABhAGsAZQAgAEQAbwB3AG4AIABIAGEAYwBrAGUAcgBzAC0AVwBpAGwAZQB5ACAAKAAyADAAMQA3ACkALgBwAGQAZgAPAAwABQBXAEkATgBHAFMAEgCAL01hc3RlciBUaGVzaXMvU291cmNlcy9Cb29rcy9Sb2dlciBBLiBHcmltZXMgLSBIYWNraW5nIHRoZSBIYWNrZXJfIExlYXJuIEZyb20gdGhlIEV4cGVydHMgV2hvIFRha2UgRG93biBIYWNrZXJzLVdpbGV5ICgyMDE3KS5wZGYAEwAXL1ZvbHVtZXMvdUFLNnM4UmVSeTM5XzAA//8AAAAIAA0AGgAkAJ4AAAAAAAACAQAAAAAAAAAFAAAAAAAAAAAAAAAAAAADXg==}}

@book{Schwartz2018,
	Address = {New York, NY, USA},
	Author = {Michael Schwartz and Maciej Machulak},
	Date-Added = {2019-07-26 5:22:31 PM +0200},
	Date-Modified = {2019-08-22 15:41:16 +0200},
	Doi = {10.1007/978-1-4842-2601-8},
	Isbn = {978-1-4842-2601-8},
	Publisher = {Apress},
	Title = {Securing the Perimeter},
	Year = {2018},
	Bdsk-File-1 = {YnBsaXN0MDDSAQIDBFxyZWxhdGl2ZVBhdGhZYWxpYXNEYXRhXxAkLi4vLi4vU291cmNlcy9Cb29rcy9zY2h3YXJ0ejIwMTgucGRmTxEBcgAAAAABcgACAAAFV0lOR1MAAAAAAAAAAAAAAAAAAAAAAAAAAAAAAAAAAEJEAAH/////EHNjaHdhcnR6MjAxOC5wZGYAAAAAAAAAAAAAAAAAAAAAAAAAAAAAAAAAAAAAAAAAAAAAAAAAAAAAAAAAAAAAAP////8AAAAAAAAAAAAAAAAAAgADAAASAGN1AAAAAAAAAAAAAAAAAAVCb29rcwAAAgBFLzpWb2x1bWVzOnVBSzZzOFJlUnkzOV8wOk1hc3RlciBUaGVzaXM6U291cmNlczpCb29rczpzY2h3YXJ0ejIwMTgucGRmAAAOACIAEABzAGMAaAB3AGEAcgB0AHoAMgAwADEAOAAuAHAAZABmAA8ADAAFAFcASQBOAEcAUwASAC0vTWFzdGVyIFRoZXNpcy9Tb3VyY2VzL0Jvb2tzL3NjaHdhcnR6MjAxOC5wZGYAABMAFy9Wb2x1bWVzL3VBSzZzOFJlUnkzOV8wAP//AAAACAANABoAJABLAAAAAAAAAgEAAAAAAAAABQAAAAAAAAAAAAAAAAAAAcE=}}

@book{brotherston2017defensive,
	Address = {Sebastopol, CA, USA},
	Author = {Brotherston, Lee and Berlin, Amanda},
	Date-Added = {2019-07-26 5:15:03 PM +0200},
	Date-Modified = {2019-08-09 5:59:58 PM +0200},
	Isbn = {978-1-491-96038-7},
	Publisher = {O'Reilly Media},
	Title = {Defensive Security Handbook: Best Practices for Securing Infrastructure},
	Year = {2017},
	Bdsk-File-1 = {YnBsaXN0MDDSAQIDBFxyZWxhdGl2ZVBhdGhZYWxpYXNEYXRhbxCWAC4ALgAvAC4ALgAvAFMAbwB1AHIAYwBlAHMALwBCAG8AbwBrAHMALwBMAGUAZQAgAEIAcgBvAHQAaABlAHIAcwB0AG8AbgAsACAAQQBtAGEAbgBkAGEAIABCAGUAcgBsAGkAbgAgAC0AIABEAGUAZgBlAG4AcwBpAHYAZQAgAFMAZQBjAHUAcgBpAHQAeQAgAEgAYQBuAGQAYgBvAG8AawBfACAAQgBlAHMAdAAgAFAAcgBhAGMAdABpAGMAZQBzACAAZgBvAHIAIABTAGUAYwB1AHIAaQBuAGcAIABJAG4AZgByAGEAcwB0AHIAdQBjAHQAdQByAGUALQBPIBkAUgBlAGkAbABsAHkAIABNAGUAZABpAGEAIAAoADIAMAAxADcAKQAuAHAAZABmTxEDPgAAAAADPgACAAAFV0lOR1MAAAAAAAAAAAAAAAAAAAAAAAAAAAAAAAAAAEJEAAH/////H0xlZSBCcm90aGVyc3RvbiwgQSNGRkZGRkZGRi5wZGYAAAAAAAAAAAAAAAAAAAAAAAAAAAAAAAAAAAAAAAAAAP////8AAAAAAAAAAAAAAAAAAgADAAASAGN1AAAAAAAAAAAAAAAAAAVCb29rcwAAAgC5LzpWb2x1bWVzOnVBSzZzOFJlUnkzOV8wOk1hc3RlciBUaGVzaXM6U291cmNlczpCb29rczpMZWUgQnJvdGhlcnN0b24sIEFtYW5kYSBCZXJsaW4gLSBEZWZlbnNpdmUgU2VjdXJpdHkgSGFuZGJvb2tfIEJlc3QgUHJhY3RpY2VzIGZvciBTZWN1cmluZyBJbmZyYXN0cnVjdHVyZS1P4oCZUmVpbGx5IE1lZGlhICgyMDE3KS5wZGYAAA4BBgCCAEwAZQBlACAAQgByAG8AdABoAGUAcgBzAHQAbwBuACwAIABBAG0AYQBuAGQAYQAgAEIAZQByAGwAaQBuACAALQAgAEQAZQBmAGUAbgBzAGkAdgBlACAAUwBlAGMAdQByAGkAdAB5ACAASABhAG4AZABiAG8AbwBrAF8AIABCAGUAcwB0ACAAUAByAGEAYwB0AGkAYwBlAHMAIABmAG8AcgAgAFMAZQBjAHUAcgBpAG4AZwAgAEkAbgBmAHIAYQBzAHQAcgB1AGMAdAB1AHIAZQAtAE8gGQBSAGUAaQBsAGwAeQAgAE0AZQBkAGkAYQAgACgAMgAwADEANwApAC4AcABkAGYADwAMAAUAVwBJAE4ARwBTABIAoS9NYXN0ZXIgVGhlc2lzL1NvdXJjZXMvQm9va3MvTGVlIEJyb3RoZXJzdG9uLCBBbWFuZGEgQmVybGluIC0gRGVmZW5zaXZlIFNlY3VyaXR5IEhhbmRib29rXyBCZXN0IFByYWN0aWNlcyBmb3IgU2VjdXJpbmcgSW5mcmFzdHJ1Y3R1cmUtT+KAmVJlaWxseSBNZWRpYSAoMjAxNykucGRmAAATABcvVm9sdW1lcy91QUs2czhSZVJ5MzlfMAD//wAAAAgADQAaACQBUwAAAAAAAAIBAAAAAAAAAAUAAAAAAAAAAAAAAAAAAASV}}

@book{Cheswick:2003:FIS:862335,
	Address = {Boston, MA, USA},
	Author = {Cheswick, William R. and Bellovin, Steven M. and Rubin, Aviel D.},
	Date-Added = {2019-07-26 5:09:02 PM +0200},
	Date-Modified = {2019-08-09 6:01:46 PM +0200},
	Edition = {2},
	Isbn = {978-0-201-63466-2},
	Publisher = {Addison-Wesley Longman Publishing Co., Inc.},
	Title = {Firewalls and Internet Security: Repelling the Wily Hacker},
	Year = {2003},
	Bdsk-File-1 = {YnBsaXN0MDDSAQIDBFxyZWxhdGl2ZVBhdGhZYWxpYXNEYXRhXxCvLi4vLi4vU291cmNlcy9Cb29rcy9XaWxsaWFtIFIuIENoZXN3aWNrLCBTdGV2ZW4gTS4gQmVsbG92aW4sIEF2aWVsIEQuIFJ1YmluIC0gRmlyZXdhbGxzIGFuZCBJbnRlcm5ldCBTZWN1cml0eV8gUmVwZWxsaW5nIHRoZSBXaWx5IEhhY2tlci1BZGRpc29uLVdlc2xleSBQcm9mZXNzaW9uYWwgKDIwMDMpLnBkZk8RA5wAAAAAA5wAAgAABVdJTkdTAAAAAAAAAAAAAAAAAAAAAAAAAAAAAAAAAABCRAAB/////x9XaWxsaWFtIFIuIENoZXN3aWMjRkZGRkZGRkYucGRmAAAAAAAAAAAAAAAAAAAAAAAAAAAAAAAAAAAAAAAAAAD/////AAAAAAAAAAAAAAAAAAIAAwAAEgBjdQAAAAAAAAAAAAAAAAAFQm9va3MAAAIA0C86Vm9sdW1lczp1QUs2czhSZVJ5MzlfMDpNYXN0ZXIgVGhlc2lzOlNvdXJjZXM6Qm9va3M6V2lsbGlhbSBSLiBDaGVzd2ljaywgU3RldmVuIE0uIEJlbGxvdmluLCBBdmllbCBELiBSdWJpbiAtIEZpcmV3YWxscyBhbmQgSW50ZXJuZXQgU2VjdXJpdHlfIFJlcGVsbGluZyB0aGUgV2lseSBIYWNrZXItQWRkaXNvbi1XZXNsZXkgUHJvZmVzc2lvbmFsICgyMDAzKS5wZGYADgE4AJsAVwBpAGwAbABpAGEAbQAgAFIALgAgAEMAaABlAHMAdwBpAGMAawAsACAAUwB0AGUAdgBlAG4AIABNAC4AIABCAGUAbABsAG8AdgBpAG4ALAAgAEEAdgBpAGUAbAAgAEQALgAgAFIAdQBiAGkAbgAgAC0AIABGAGkAcgBlAHcAYQBsAGwAcwAgAGEAbgBkACAASQBuAHQAZQByAG4AZQB0ACAAUwBlAGMAdQByAGkAdAB5AF8AIABSAGUAcABlAGwAbABpAG4AZwAgAHQAaABlACAAVwBpAGwAeQAgAEgAYQBjAGsAZQByAC0AQQBkAGQAaQBzAG8AbgAtAFcAZQBzAGwAZQB5ACAAUAByAG8AZgBlAHMAcwBpAG8AbgBhAGwAIAAoADIAMAAwADMAKQAuAHAAZABmAA8ADAAFAFcASQBOAEcAUwASALgvTWFzdGVyIFRoZXNpcy9Tb3VyY2VzL0Jvb2tzL1dpbGxpYW0gUi4gQ2hlc3dpY2ssIFN0ZXZlbiBNLiBCZWxsb3ZpbiwgQXZpZWwgRC4gUnViaW4gLSBGaXJld2FsbHMgYW5kIEludGVybmV0IFNlY3VyaXR5XyBSZXBlbGxpbmcgdGhlIFdpbHkgSGFja2VyLUFkZGlzb24tV2VzbGV5IFByb2Zlc3Npb25hbCAoMjAwMykucGRmABMAFy9Wb2x1bWVzL3VBSzZzOFJlUnkzOV8wAP//AAAACAANABoAJADWAAAAAAAAAgEAAAAAAAAABQAAAAAAAAAAAAAAAAAABHY=}}

@book{anderson2008security,
	Address = {Indianapolis, IN, USA},
	Author = {Ross J. Anderson},
	Date-Added = {2019-07-25 19:17:06 +0200},
	Date-Modified = {2019-08-22 15:29:17 +0200},
	Edition = {2},
	Isbn = {978-0-470-06852-6},
	Lccn = {2008006392},
	Publisher = {Wiley},
	Title = {Security Engineering: A Guide to Building Dependable Distributed Systems},
	Year = {2008},
	Bdsk-File-1 = {YnBsaXN0MDDSAQIDBFxyZWxhdGl2ZVBhdGhZYWxpYXNEYXRhXxBfLi4vLi4vU291cmNlcy9Cb29rcy9zZWN1cml0eV9lbmdpbmVlcmluZ19hX2d1aWRlX3RvX2J1aWxkaW5nX2RlcGVuZGFibGVfZGlzdHJpYnV0ZWRfc3lzdGVtcy5wZGZPEQJcAAAAAAJcAAIAAAVXSU5HUwAAAAAAAAAAAAAAAAAAAAAAAAAAAAAAAAAAQkQAAf////8fc2VjdXJpdHlfZW5naW5lZXJpI0ZGRkZGRkZGLnBkZgAAAAAAAAAAAAAAAAAAAAAAAAAAAAAAAAAAAAAAAAAA/////wAAAAAAAAAAAAAAAAACAAMAABIAY3UAAAAAAAAAAAAAAAAABUJvb2tzAAACAIAvOlZvbHVtZXM6dUFLNnM4UmVSeTM5XzA6TWFzdGVyIFRoZXNpczpTb3VyY2VzOkJvb2tzOnNlY3VyaXR5X2VuZ2luZWVyaW5nX2FfZ3VpZGVfdG9fYnVpbGRpbmdfZGVwZW5kYWJsZV9kaXN0cmlidXRlZF9zeXN0ZW1zLnBkZgAOAJgASwBzAGUAYwB1AHIAaQB0AHkAXwBlAG4AZwBpAG4AZQBlAHIAaQBuAGcAXwBhAF8AZwB1AGkAZABlAF8AdABvAF8AYgB1AGkAbABkAGkAbgBnAF8AZABlAHAAZQBuAGQAYQBiAGwAZQBfAGQAaQBzAHQAcgBpAGIAdQB0AGUAZABfAHMAeQBzAHQAZQBtAHMALgBwAGQAZgAPAAwABQBXAEkATgBHAFMAEgBoL01hc3RlciBUaGVzaXMvU291cmNlcy9Cb29rcy9zZWN1cml0eV9lbmdpbmVlcmluZ19hX2d1aWRlX3RvX2J1aWxkaW5nX2RlcGVuZGFibGVfZGlzdHJpYnV0ZWRfc3lzdGVtcy5wZGYAEwAXL1ZvbHVtZXMvdUFLNnM4UmVSeTM5XzAA//8AAAAIAA0AGgAkAIYAAAAAAAACAQAAAAAAAAAFAAAAAAAAAAAAAAAAAAAC5g==}}

@book{shostack2014threat,
	Address = {Indianapolis, IN, USA},
	Author = {Adam Shostack},
	Date-Added = {2019-07-25 19:09:50 +0200},
	Date-Modified = {2019-08-09 6:05:57 PM +0200},
	Isbn = {978-1-118-81005-7},
	Lccn = {2013954095},
	Publisher = {Wiley},
	Title = {Threat Modeling: Designing for Security},
	Year = {2014},
	Bdsk-File-1 = {YnBsaXN0MDDSAQIDBFxyZWxhdGl2ZVBhdGhZYWxpYXNEYXRhXxA+Li4vLi4vU291cmNlcy9Cb29rcy90aHJlYXRfbW9kZWxpbmdfZGVzaWduaW5nX2Zvcl9zZWN1cml0eS5wZGZPEQHaAAAAAAHaAAIAAAVXSU5HUwAAAAAAAAAAAAAAAAAAAAAAAAAAAAAAAAAAQkQAAf////8fdGhyZWF0X21vZGVsaW5nX2RlI0ZGRkZGRkZGLnBkZgAAAAAAAAAAAAAAAAAAAAAAAAAAAAAAAAAAAAAAAAAA/////wAAAAAAAAAAAAAAAAACAAMAABIAY3UAAAAAAAAAAAAAAAAABUJvb2tzAAACAF8vOlZvbHVtZXM6dUFLNnM4UmVSeTM5XzA6TWFzdGVyIFRoZXNpczpTb3VyY2VzOkJvb2tzOnRocmVhdF9tb2RlbGluZ19kZXNpZ25pbmdfZm9yX3NlY3VyaXR5LnBkZgAADgBWACoAdABoAHIAZQBhAHQAXwBtAG8AZABlAGwAaQBuAGcAXwBkAGUAcwBpAGcAbgBpAG4AZwBfAGYAbwByAF8AcwBlAGMAdQByAGkAdAB5AC4AcABkAGYADwAMAAUAVwBJAE4ARwBTABIARy9NYXN0ZXIgVGhlc2lzL1NvdXJjZXMvQm9va3MvdGhyZWF0X21vZGVsaW5nX2Rlc2lnbmluZ19mb3Jfc2VjdXJpdHkucGRmAAATABcvVm9sdW1lcy91QUs2czhSZVJ5MzlfMAD//wAAAAgADQAaACQAZQAAAAAAAAIBAAAAAAAAAAUAAAAAAAAAAAAAAAAAAAJD}}

@book{waschke2017personal,
	Address = {New York, NY, USA},
	Author = {Marvin Waschke},
	Date-Added = {2019-07-25 18:51:40 +0200},
	Date-Modified = {2019-08-09 6:03:59 PM +0200},
	Isbn = {978-1-4842-2430-4},
	Publisher = {Apress},
	Title = {Personal Cybersecurity: How to Avoid and Recover from Cybercrime},
	Year = {2017},
	Bdsk-File-1 = {YnBsaXN0MDDSAQIDBFxyZWxhdGl2ZVBhdGhZYWxpYXNEYXRhXxCALi4vLi4vU291cmNlcy9Cb29rcy9NYXJ2aW4gV2FzY2hrZSAoYXV0aC4pIC0gUGVyc29uYWwgQ3liZXJzZWN1cml0eV8gSG93IHRvIEF2b2lkIGFuZCBSZWNvdmVyIGZyb20gQ3liZXJjcmltZSAoMjAxNywgQXByZXNzKS5wZGZPEQLiAAAAAALiAAIAAAVXSU5HUwAAAAAAAAAAAAAAAAAAAAAAAAAAAAAAAAAAQkQAAf////8fTWFydmluIFdhc2Noa2UgKGF1I0ZGRkZGRkZGLnBkZgAAAAAAAAAAAAAAAAAAAAAAAAAAAAAAAAAAAAAAAAAA/////wAAAAAAAAAAAAAAAAACAAMAABIAY3UAAAAAAAAAAAAAAAAABUJvb2tzAAACAKEvOlZvbHVtZXM6dUFLNnM4UmVSeTM5XzA6TWFzdGVyIFRoZXNpczpTb3VyY2VzOkJvb2tzOk1hcnZpbiBXYXNjaGtlIChhdXRoLikgLSBQZXJzb25hbCBDeWJlcnNlY3VyaXR5XyBIb3cgdG8gQXZvaWQgYW5kIFJlY292ZXIgZnJvbSBDeWJlcmNyaW1lICgyMDE3LCBBcHJlc3MpLnBkZgAADgDaAGwATQBhAHIAdgBpAG4AIABXAGEAcwBjAGgAawBlACAAKABhAHUAdABoAC4AKQAgAC0AIABQAGUAcgBzAG8AbgBhAGwAIABDAHkAYgBlAHIAcwBlAGMAdQByAGkAdAB5AF8AIABIAG8AdwAgAHQAbwAgAEEAdgBvAGkAZAAgAGEAbgBkACAAUgBlAGMAbwB2AGUAcgAgAGYAcgBvAG0AIABDAHkAYgBlAHIAYwByAGkAbQBlACAAKAAyADAAMQA3ACwAIABBAHAAcgBlAHMAcwApAC4AcABkAGYADwAMAAUAVwBJAE4ARwBTABIAiS9NYXN0ZXIgVGhlc2lzL1NvdXJjZXMvQm9va3MvTWFydmluIFdhc2Noa2UgKGF1dGguKSAtIFBlcnNvbmFsIEN5YmVyc2VjdXJpdHlfIEhvdyB0byBBdm9pZCBhbmQgUmVjb3ZlciBmcm9tIEN5YmVyY3JpbWUgKDIwMTcsIEFwcmVzcykucGRmAAATABcvVm9sdW1lcy91QUs2czhSZVJ5MzlfMAD//wAAAAgADQAaACQApwAAAAAAAAIBAAAAAAAAAAUAAAAAAAAAAAAAAAAAAAON}}

@book{265831,
	Address = {Boca Raton, FL, USA },
	Author = {Dobromir Todorov},
	Date-Added = {2019-07-12 3:45:05 PM +0200},
	Date-Modified = {2019-08-22 15:39:41 +0200},
	Isbn = {978-1-4200-5219-0},
	Publisher = {Auerbach Publications},
	Title = {Mechanics of User Identification and Authentication: Fundamentals of Identity Management},
	Year = {2007},
	Bdsk-File-1 = {YnBsaXN0MDDSAQIDBFxyZWxhdGl2ZVBhdGhZYWxpYXNEYXRhXxCgLi4vLi4vU291cmNlcy9Cb29rcy9Eb2Jyb21pciBUb2Rvcm92IC0gTWVjaGFuaWNzIG9mIFVzZXIgSWRlbnRpZmljYXRpb24gYW5kIEF1dGhlbnRpY2F0aW9uXyBGdW5kYW1lbnRhbHMgb2YgSWRlbnRpdHkgTWFuYWdlbWVudC1BdWVyYmFjaCBQdWJsaWNhdGlvbnMgKDIwMDcpLnBkZk8RA2IAAAAAA2IAAgAABVdJTkdTAAAAAAAAAAAAAAAAAAAAAAAAAAAAAAAAAABCRAAB/////x9Eb2Jyb21pciBUb2Rvcm92IC0jRkZGRkZGRkYucGRmAAAAAAAAAAAAAAAAAAAAAAAAAAAAAAAAAAAAAAAAAAD/////AAAAAAAAAAAAAAAAAAIAAwAAEgBjdQAAAAAAAAAAAAAAAAAFQm9va3MAAAIAwS86Vm9sdW1lczp1QUs2czhSZVJ5MzlfMDpNYXN0ZXIgVGhlc2lzOlNvdXJjZXM6Qm9va3M6RG9icm9taXIgVG9kb3JvdiAtIE1lY2hhbmljcyBvZiBVc2VyIElkZW50aWZpY2F0aW9uIGFuZCBBdXRoZW50aWNhdGlvbl8gRnVuZGFtZW50YWxzIG9mIElkZW50aXR5IE1hbmFnZW1lbnQtQXVlcmJhY2ggUHVibGljYXRpb25zICgyMDA3KS5wZGYAAA4BGgCMAEQAbwBiAHIAbwBtAGkAcgAgAFQAbwBkAG8AcgBvAHYAIAAtACAATQBlAGMAaABhAG4AaQBjAHMAIABvAGYAIABVAHMAZQByACAASQBkAGUAbgB0AGkAZgBpAGMAYQB0AGkAbwBuACAAYQBuAGQAIABBAHUAdABoAGUAbgB0AGkAYwBhAHQAaQBvAG4AXwAgAEYAdQBuAGQAYQBtAGUAbgB0AGEAbABzACAAbwBmACAASQBkAGUAbgB0AGkAdAB5ACAATQBhAG4AYQBnAGUAbQBlAG4AdAAtAEEAdQBlAHIAYgBhAGMAaAAgAFAAdQBiAGwAaQBjAGEAdABpAG8AbgBzACAAKAAyADAAMAA3ACkALgBwAGQAZgAPAAwABQBXAEkATgBHAFMAEgCpL01hc3RlciBUaGVzaXMvU291cmNlcy9Cb29rcy9Eb2Jyb21pciBUb2Rvcm92IC0gTWVjaGFuaWNzIG9mIFVzZXIgSWRlbnRpZmljYXRpb24gYW5kIEF1dGhlbnRpY2F0aW9uXyBGdW5kYW1lbnRhbHMgb2YgSWRlbnRpdHkgTWFuYWdlbWVudC1BdWVyYmFjaCBQdWJsaWNhdGlvbnMgKDIwMDcpLnBkZgAAEwAXL1ZvbHVtZXMvdUFLNnM4UmVSeTM5XzAA//8AAAAIAA0AGgAkAMcAAAAAAAACAQAAAAAAAAAFAAAAAAAAAAAAAAAAAAAELQ==}}

@book{1324198,
	Address = {Indianapolis, IN, USA},
	Author = {Christopher Hadnagy, Michele Fincher},
	Date-Added = {2019-07-12 3:45:05 PM +0200},
	Date-Modified = {2019-08-22 15:40:55 +0200},
	Edition = {1},
	Isbn = {978-1-118-95847-6},
	Publisher = {Wiley},
	Title = {Phishing Dark Waters: The Offensive and Defensive Sides of Malicious Emails},
	Year = {2015},
	Bdsk-File-1 = {YnBsaXN0MDDSAQIDBFxyZWxhdGl2ZVBhdGhZYWxpYXNEYXRhXxCXLi4vLi4vU291cmNlcy9Cb29rcy9DaHJpc3RvcGhlciBIYWRuYWd5LCBNaWNoZWxlIEZpbmNoZXIgLSBQaGlzaGluZyBEYXJrIFdhdGVyc18gVGhlIE9mZmVuc2l2ZSBhbmQgRGVmZW5zaXZlIFNpZGVzIG9mIE1hbGljaW91cyBFbWFpbHMtV2lsZXkgKDIwMTUpLnBkZk8RAzwAAAAAAzwAAgAABVdJTkdTAAAAAAAAAAAAAAAAAAAAAAAAAAAAAAAAAABCRAAB/////x9DaHJpc3RvcGhlciBIYWRuYWcjRkZGRkZGRkYucGRmAAAAAAAAAAAAAAAAAAAAAAAAAAAAAAAAAAAAAAAAAAD/////AAAAAAAAAAAAAAAAAAIAAwAAEgBjdQAAAAAAAAAAAAAAAAAFQm9va3MAAAIAuC86Vm9sdW1lczp1QUs2czhSZVJ5MzlfMDpNYXN0ZXIgVGhlc2lzOlNvdXJjZXM6Qm9va3M6Q2hyaXN0b3BoZXIgSGFkbmFneSwgTWljaGVsZSBGaW5jaGVyIC0gUGhpc2hpbmcgRGFyayBXYXRlcnNfIFRoZSBPZmZlbnNpdmUgYW5kIERlZmVuc2l2ZSBTaWRlcyBvZiBNYWxpY2lvdXMgRW1haWxzLVdpbGV5ICgyMDE1KS5wZGYADgEIAIMAQwBoAHIAaQBzAHQAbwBwAGgAZQByACAASABhAGQAbgBhAGcAeQAsACAATQBpAGMAaABlAGwAZQAgAEYAaQBuAGMAaABlAHIAIAAtACAAUABoAGkAcwBoAGkAbgBnACAARABhAHIAawAgAFcAYQB0AGUAcgBzAF8AIABUAGgAZQAgAE8AZgBmAGUAbgBzAGkAdgBlACAAYQBuAGQAIABEAGUAZgBlAG4AcwBpAHYAZQAgAFMAaQBkAGUAcwAgAG8AZgAgAE0AYQBsAGkAYwBpAG8AdQBzACAARQBtAGEAaQBsAHMALQBXAGkAbABlAHkAIAAoADIAMAAxADUAKQAuAHAAZABmAA8ADAAFAFcASQBOAEcAUwASAKAvTWFzdGVyIFRoZXNpcy9Tb3VyY2VzL0Jvb2tzL0NocmlzdG9waGVyIEhhZG5hZ3ksIE1pY2hlbGUgRmluY2hlciAtIFBoaXNoaW5nIERhcmsgV2F0ZXJzXyBUaGUgT2ZmZW5zaXZlIGFuZCBEZWZlbnNpdmUgU2lkZXMgb2YgTWFsaWNpb3VzIEVtYWlscy1XaWxleSAoMjAxNSkucGRmABMAFy9Wb2x1bWVzL3VBSzZzOFJlUnkzOV8wAP//AAAACAANABoAJAC+AAAAAAAAAgEAAAAAAAAABQAAAAAAAAAAAAAAAAAAA/4=}}

@book{517355,
	Address = {San Francisco, CA, USA},
	Author = {Jan L. Harrington},
	Date-Added = {2019-07-07 21:41:29 +0200},
	Date-Modified = {2019-08-22 15:40:26 +0200},
	Isbn = {978-0-12-311633-8},
	Publisher = {Morgan Kaufmann},
	Title = {Network Security: A Practical Approach (The Morgan Kaufmann Series in Networking)},
	Year = {2005},
	Bdsk-File-1 = {YnBsaXN0MDDSAQIDBFxyZWxhdGl2ZVBhdGhZYWxpYXNEYXRhXxCULi4vLi4vU291cmNlcy9Cb29rcy9KYW4gTC4gSGFycmluZ3RvbiAtIE5ldHdvcmsgU2VjdXJpdHlfIEEgUHJhY3RpY2FsIEFwcHJvYWNoIChUaGUgTW9yZ2FuIEthdWZtYW5uIFNlcmllcyBpbiBOZXR3b3JraW5nKS1Nb3JnYW4gS2F1Zm1hbm4gKDIwMDUpLnBkZk8RAzIAAAAAAzIAAgAABVdJTkdTAAAAAAAAAAAAAAAAAAAAAAAAAAAAAAAAAABCRAAB/////x9KYW4gTC4gSGFycmluZ3RvbiAjRkZGRkZGRkYucGRmAAAAAAAAAAAAAAAAAAAAAAAAAAAAAAAAAAAAAAAAAAD/////AAAAAAAAAAAAAAAAAAIAAwAAEgBjdQAAAAAAAAAAAAAAAAAFQm9va3MAAAIAtS86Vm9sdW1lczp1QUs2czhSZVJ5MzlfMDpNYXN0ZXIgVGhlc2lzOlNvdXJjZXM6Qm9va3M6SmFuIEwuIEhhcnJpbmd0b24gLSBOZXR3b3JrIFNlY3VyaXR5XyBBIFByYWN0aWNhbCBBcHByb2FjaCAoVGhlIE1vcmdhbiBLYXVmbWFubiBTZXJpZXMgaW4gTmV0d29ya2luZyktTW9yZ2FuIEthdWZtYW5uICgyMDA1KS5wZGYAAA4BAgCAAEoAYQBuACAATAAuACAASABhAHIAcgBpAG4AZwB0AG8AbgAgAC0AIABOAGUAdAB3AG8AcgBrACAAUwBlAGMAdQByAGkAdAB5AF8AIABBACAAUAByAGEAYwB0AGkAYwBhAGwAIABBAHAAcAByAG8AYQBjAGgAIAAoAFQAaABlACAATQBvAHIAZwBhAG4AIABLAGEAdQBmAG0AYQBuAG4AIABTAGUAcgBpAGUAcwAgAGkAbgAgAE4AZQB0AHcAbwByAGsAaQBuAGcAKQAtAE0AbwByAGcAYQBuACAASwBhAHUAZgBtAGEAbgBuACAAKAAyADAAMAA1ACkALgBwAGQAZgAPAAwABQBXAEkATgBHAFMAEgCdL01hc3RlciBUaGVzaXMvU291cmNlcy9Cb29rcy9KYW4gTC4gSGFycmluZ3RvbiAtIE5ldHdvcmsgU2VjdXJpdHlfIEEgUHJhY3RpY2FsIEFwcHJvYWNoIChUaGUgTW9yZ2FuIEthdWZtYW5uIFNlcmllcyBpbiBOZXR3b3JraW5nKS1Nb3JnYW4gS2F1Zm1hbm4gKDIwMDUpLnBkZgAAEwAXL1ZvbHVtZXMvdUFLNnM4UmVSeTM5XzAA//8AAAAIAA0AGgAkALsAAAAAAAACAQAAAAAAAAAFAAAAAAAAAAAAAAAAAAAD8Q==}}

@book{1698485,
	Address = {Cham, Switzerland},
	Author = {Keith Mayes, Konstantinos Markantonakis},
	Date-Added = {2019-07-07 21:40:29 +0200},
	Date-Modified = {2019-08-09 6:11:48 PM +0200},
	Edition = {2},
	Isbn = {978-3-319-50498-8},
	Publisher = {Springer International Publishing},
	Title = {Smart Cards, Tokens, Security and Applications},
	Year = {2017},
	Bdsk-File-1 = {YnBsaXN0MDDSAQIDBFxyZWxhdGl2ZVBhdGhZYWxpYXNEYXRhXxChLi4vLi4vU291cmNlcy9Cb29rcy9LZWl0aCBNYXllcywgS29uc3RhbnRpbm9zIE1hcmthbnRvbmFraXMgKGVkcy4pIC0gU21hcnQgQ2FyZHMsIFRva2VucywgU2VjdXJpdHkgYW5kIEFwcGxpY2F0aW9ucyAoMjAxNywgU3ByaW5nZXIgSW50ZXJuYXRpb25hbCBQdWJsaXNoaW5nKS5wZGZPEQNkAAAAAANkAAIAAAVXSU5HUwAAAAAAAAAAAAAAAAAAAAAAAAAAAAAAAAAAQkQAAf////8fS2VpdGggTWF5ZXMsIEtvbnN0I0ZGRkZGRkZGLnBkZgAAAAAAAAAAAAAAAAAAAAAAAAAAAAAAAAAAAAAAAAAA/////wAAAAAAAAAAAAAAAAACAAMAABIAY3UAAAAAAAAAAAAAAAAABUJvb2tzAAACAMIvOlZvbHVtZXM6dUFLNnM4UmVSeTM5XzA6TWFzdGVyIFRoZXNpczpTb3VyY2VzOkJvb2tzOktlaXRoIE1heWVzLCBLb25zdGFudGlub3MgTWFya2FudG9uYWtpcyAoZWRzLikgLSBTbWFydCBDYXJkcywgVG9rZW5zLCBTZWN1cml0eSBhbmQgQXBwbGljYXRpb25zICgyMDE3LCBTcHJpbmdlciBJbnRlcm5hdGlvbmFsIFB1Ymxpc2hpbmcpLnBkZgAOARwAjQBLAGUAaQB0AGgAIABNAGEAeQBlAHMALAAgAEsAbwBuAHMAdABhAG4AdABpAG4AbwBzACAATQBhAHIAawBhAG4AdABvAG4AYQBrAGkAcwAgACgAZQBkAHMALgApACAALQAgAFMAbQBhAHIAdAAgAEMAYQByAGQAcwAsACAAVABvAGsAZQBuAHMALAAgAFMAZQBjAHUAcgBpAHQAeQAgAGEAbgBkACAAQQBwAHAAbABpAGMAYQB0AGkAbwBuAHMAIAAoADIAMAAxADcALAAgAFMAcAByAGkAbgBnAGUAcgAgAEkAbgB0AGUAcgBuAGEAdABpAG8AbgBhAGwAIABQAHUAYgBsAGkAcwBoAGkAbgBnACkALgBwAGQAZgAPAAwABQBXAEkATgBHAFMAEgCqL01hc3RlciBUaGVzaXMvU291cmNlcy9Cb29rcy9LZWl0aCBNYXllcywgS29uc3RhbnRpbm9zIE1hcmthbnRvbmFraXMgKGVkcy4pIC0gU21hcnQgQ2FyZHMsIFRva2VucywgU2VjdXJpdHkgYW5kIEFwcGxpY2F0aW9ucyAoMjAxNywgU3ByaW5nZXIgSW50ZXJuYXRpb25hbCBQdWJsaXNoaW5nKS5wZGYAEwAXL1ZvbHVtZXMvdUFLNnM4UmVSeTM5XzAA//8AAAAIAA0AGgAkAMgAAAAAAAACAQAAAAAAAAAFAAAAAAAAAAAAAAAAAAAEMA==}}

@book{eckert-it-sec,
	Address = {Munich, Germany},
	Author = {Claudia Eckert},
	Date-Added = {2019-06-29 19:10:33 +0200},
	Date-Modified = {2019-08-22 15:30:29 +0200},
	Edition = {10},
	Isbn = {978-3-11-058468-4},
	Publisher = {De Gruyter},
	Title = {IT-Sicherheit: Konzepte - Verfahren - Protokolle},
	Year = {2018},
	Bdsk-File-1 = {YnBsaXN0MDDSAQIDBFxyZWxhdGl2ZVBhdGhZYWxpYXNEYXRhXxAjLi4vLi4vU291cmNlcy9Cb29rcy8zMTEwNTUxNTg2LmVwdWJPEQFsAAAAAAFsAAIAAAVXSU5HUwAAAAAAAAAAAAAAAAAAAAAAAAAAAAAAAAAAQkQAAf////8PMzExMDU1MTU4Ni5lcHViAAAAAAAAAAAAAAAAAAAAAAAAAAAAAAAAAAAAAAAAAAAAAAAAAAAAAAAAAAAAAAAA/////wAAAAAAAAAAAAAAAAACAAMAABIAY3UAAAAAAAAAAAAAAAAABUJvb2tzAAACAEQvOlZvbHVtZXM6dUFLNnM4UmVSeTM5XzA6TWFzdGVyIFRoZXNpczpTb3VyY2VzOkJvb2tzOjMxMTA1NTE1ODYuZXB1YgAOACAADwAzADEAMQAwADUANQAxADUAOAA2AC4AZQBwAHUAYgAPAAwABQBXAEkATgBHAFMAEgAsL01hc3RlciBUaGVzaXMvU291cmNlcy9Cb29rcy8zMTEwNTUxNTg2LmVwdWIAEwAXL1ZvbHVtZXMvdUFLNnM4UmVSeTM5XzAA//8AAAAIAA0AGgAkAEoAAAAAAAACAQAAAAAAAAAFAAAAAAAAAAAAAAAAAAABug==}}

@book{IdentityandDataSecurityforWebDevelopment,
	Address = {Sebastopol, CA, USA},
	Author = {Jonathan LeBlanc and Tim Messerschmidt},
	Date-Added = {2019-04-25 16:49:29 +0200},
	Date-Modified = {2019-08-22 15:37:47 +0200},
	Isbn = {978-1-4919-3701-3},
	Publisher = {O'Reilly Media},
	Title = {Identity and Data Security for Web Development: Best Practices},
	Year = {2016},
	Bdsk-File-1 = {YnBsaXN0MDDSAQIDBFxyZWxhdGl2ZVBhdGhZYWxpYXNEYXRhXxCTLi4vLi4vU291cmNlcy9Cb29rcy9Kb25hdGhhbiBMZUJsYW5jLCBUaW0gTWVzc2Vyc2NobWlkdCAtIElkZW50aXR5IGFuZCBEYXRhIFNlY3VyaXR5IGZvciBXZWIgRGV2ZWxvcG1lbnRfIEJlc3QgUHJhY3RpY2VzICgyMDE2LCBPJ1JlaWxseSBNZWRpYSkucGRmTxEDLAAAAAADLAACAAAFV0lOR1MAAAAAAAAAAAAAAAAAAAAAAAAAAAAAAAAAAEJEAAH/////H0pvbmF0aGFuIExlQmxhbmMsICNGRkZGRkZGRi5wZGYAAAAAAAAAAAAAAAAAAAAAAAAAAAAAAAAAAAAAAAAAAP////8AAAAAAAAAAAAAAAAAAgADAAASAGN1AAAAAAAAAAAAAAAAAAVCb29rcwAAAgC0LzpWb2x1bWVzOnVBSzZzOFJlUnkzOV8wOk1hc3RlciBUaGVzaXM6U291cmNlczpCb29rczpKb25hdGhhbiBMZUJsYW5jLCBUaW0gTWVzc2Vyc2NobWlkdCAtIElkZW50aXR5IGFuZCBEYXRhIFNlY3VyaXR5IGZvciBXZWIgRGV2ZWxvcG1lbnRfIEJlc3QgUHJhY3RpY2VzICgyMDE2LCBPJ1JlaWxseSBNZWRpYSkucGRmAA4BAAB/AEoAbwBuAGEAdABoAGEAbgAgAEwAZQBCAGwAYQBuAGMALAAgAFQAaQBtACAATQBlAHMAcwBlAHIAcwBjAGgAbQBpAGQAdAAgAC0AIABJAGQAZQBuAHQAaQB0AHkAIABhAG4AZAAgAEQAYQB0AGEAIABTAGUAYwB1AHIAaQB0AHkAIABmAG8AcgAgAFcAZQBiACAARABlAHYAZQBsAG8AcABtAGUAbgB0AF8AIABCAGUAcwB0ACAAUAByAGEAYwB0AGkAYwBlAHMAIAAoADIAMAAxADYALAAgAE8AJwBSAGUAaQBsAGwAeQAgAE0AZQBkAGkAYQApAC4AcABkAGYADwAMAAUAVwBJAE4ARwBTABIAnC9NYXN0ZXIgVGhlc2lzL1NvdXJjZXMvQm9va3MvSm9uYXRoYW4gTGVCbGFuYywgVGltIE1lc3NlcnNjaG1pZHQgLSBJZGVudGl0eSBhbmQgRGF0YSBTZWN1cml0eSBmb3IgV2ViIERldmVsb3BtZW50XyBCZXN0IFByYWN0aWNlcyAoMjAxNiwgTydSZWlsbHkgTWVkaWEpLnBkZgATABcvVm9sdW1lcy91QUs2czhSZVJ5MzlfMAD//wAAAAgADQAaACQAugAAAAAAAAIBAAAAAAAAAAUAAAAAAAAAAAAAAAAAAAPq}}
