%% This BibTeX bibliography file was created using BibDesk.
%% https://bibdesk.sourceforge.io/

%% Created for Tim Brust at 2019-07-25 18:42:18 +0200 


%% Saved with string encoding Unicode (UTF-8) 



@book{deutschlandgrundschutz,
	Address = {Cologne, Germany},
	Author = {Bundesamt f{\"u}r Sicherheit in der Informationstechnik},
	Date-Added = {2019-07-25 18:37:00 +0200},
	Date-Modified = {2019-07-25 18:38:14 +0200},
	Edition = {15},
	Isbn = {978-3-88784-915-3},
	Publisher = {Bundesanzeiger Verlag},
	Title = {IT-Grundschutz-Kataloge},
	Year = {2016},
	Bdsk-File-1 = {YnBsaXN0MDDSAQIDBFxyZWxhdGl2ZVBhdGhZYWxpYXNEYXRhXxBBLi4vLi4vU291cmNlcy9QYXBlcnMvQlNJL0lULUdydW5kc2NodXR6LUthdGFsb2dlXzIwMTZfRUwxNV9ERS5wZGZPEQHYAAAAAAHYAAIAAAVXSU5HUwAAAAAAAAAAAAAAAAAAAAAAAAAAAAAAAAAAQkQAAf////8fSVQtR3J1bmRzY2h1dHotS2F0I0ZGRkZGRkZGLnBkZgAAAAAAAAAAAAAAAAAAAAAAAAAAAAAAAAAAAAAAAAAA/////wAAAAAAAAAAAAAAAAACAAQAABIAY3UAAAAAAAAAAAAAAAAAA0JTSQAAAgBhLzpWb2x1bWVzOkRUQmEyNDVkUl85TV8wOk1hc3RlcnRoZXNpczpTb3VyY2VzOlBhcGVyczpCU0k6SVQtR3J1bmRzY2h1dHotS2F0YWxvZ2VfMjAxNl9FTDE1X0RFLnBkZgAADgBSACgASQBUAC0ARwByAHUAbgBkAHMAYwBoAHUAdAB6AC0ASwBhAHQAYQBsAG8AZwBlAF8AMgAwADEANgBfAEUATAAxADUAXwBEAEUALgBwAGQAZgAPAAwABQBXAEkATgBHAFMAEgBJL01hc3RlcnRoZXNpcy9Tb3VyY2VzL1BhcGVycy9CU0kvSVQtR3J1bmRzY2h1dHotS2F0YWxvZ2VfMjAxNl9FTDE1X0RFLnBkZgAAEwAXL1ZvbHVtZXMvRFRCYTI0NWRSXzlNXzAA//8AAAAIAA0AGgAkAGgAAAAAAAACAQAAAAAAAAAFAAAAAAAAAAAAAAAAAAACRA==}}

@book{deutschland2018grundschutz,
	Address = {Cologne, Germany},
	Author = {Bundesamt f{\"u}r Sicherheit in der Informationstechnik},
	Date-Added = {2019-07-25 18:33:13 +0200},
	Date-Modified = {2019-07-25 18:34:42 +0200},
	Edition = {2},
	Isbn = {978-3-8462-0906-6},
	Publisher = {Bundesanzeiger Verlag},
	Title = {IT-Grundschutz-Kompendium},
	Year = {2019},
	Bdsk-File-1 = {YnBsaXN0MDDSAQIDBFxyZWxhdGl2ZVBhdGhZYWxpYXNEYXRhXxBCLi4vLi4vU291cmNlcy9QYXBlcnMvQlNJL0lUX0dydW5kc2NodXR6X0tvbXBlbmRpdW1fRWRpdGlvbjIwMTkucGRmTxEB2gAAAAAB2gACAAAFV0lOR1MAAAAAAAAAAAAAAAAAAAAAAAAAAAAAAAAAAEJEAAH/////H0lUX0dydW5kc2NodXR6X0tvbSNGRkZGRkZGRi5wZGYAAAAAAAAAAAAAAAAAAAAAAAAAAAAAAAAAAAAAAAAAAP////8AAAAAAAAAAAAAAAAAAgAEAAASAGN1AAAAAAAAAAAAAAAAAANCU0kAAAIAYi86Vm9sdW1lczpEVEJhMjQ1ZFJfOU1fMDpNYXN0ZXJ0aGVzaXM6U291cmNlczpQYXBlcnM6QlNJOklUX0dydW5kc2NodXR6X0tvbXBlbmRpdW1fRWRpdGlvbjIwMTkucGRmAA4AVAApAEkAVABfAEcAcgB1AG4AZABzAGMAaAB1AHQAegBfAEsAbwBtAHAAZQBuAGQAaQB1AG0AXwBFAGQAaQB0AGkAbwBuADIAMAAxADkALgBwAGQAZgAPAAwABQBXAEkATgBHAFMAEgBKL01hc3RlcnRoZXNpcy9Tb3VyY2VzL1BhcGVycy9CU0kvSVRfR3J1bmRzY2h1dHpfS29tcGVuZGl1bV9FZGl0aW9uMjAxOS5wZGYAEwAXL1ZvbHVtZXMvRFRCYTI0NWRSXzlNXzAA//8AAAAIAA0AGgAkAGkAAAAAAAACAQAAAAAAAAAFAAAAAAAAAAAAAAAAAAACRw==}}

@article{verfahren2019empfehlungen,
	Author = {Bundesamt f{\"u}r Sicherheit in der Informationstechnik},
	Date-Added = {2019-07-18 7:03:37 PM +0200},
	Date-Modified = {2019-07-25 18:41:31 +0200},
	Journal = {Technische Richtlinie TR-02102-1, Bundesamt f{\"u}r Sicherheit in der Informationstechnik},
	Title = {Kryptographische Verfahren: Empfehlungen und Schl{\"u}ssell{\"a}ngen},
	Volume = {1},
	Year = {2019},
	Bdsk-File-1 = {YnBsaXN0MDDSAQIDBFxyZWxhdGl2ZVBhdGhZYWxpYXNEYXRhXxApLi4vLi4vU291cmNlcy9QYXBlcnMvQlNJL0JTSS1UUi0wMjEwMi5wZGZPEQF4AAAAAAF4AAIAAAVXSU5HUwAAAAAAAAAAAAAAAAAAAAAAAAAAAAAAAAAAQkQAAf////8QQlNJLVRSLTAyMTAyLnBkZgAAAAAAAAAAAAAAAAAAAAAAAAAAAAAAAAAAAAAAAAAAAAAAAAAAAAAAAAAAAAAA/////wAAAAAAAAAAAAAAAAACAAQAABIAY3UAAAAAAAAAAAAAAAAAA0JTSQAAAgBJLzpWb2x1bWVzOkRUQmEyNDVkUl85TV8wOk1hc3RlcnRoZXNpczpTb3VyY2VzOlBhcGVyczpCU0k6QlNJLVRSLTAyMTAyLnBkZgAADgAiABAAQgBTAEkALQBUAFIALQAwADIAMQAwADIALgBwAGQAZgAPAAwABQBXAEkATgBHAFMAEgAxL01hc3RlcnRoZXNpcy9Tb3VyY2VzL1BhcGVycy9CU0kvQlNJLVRSLTAyMTAyLnBkZgAAEwAXL1ZvbHVtZXMvRFRCYTI0NWRSXzlNXzAA//8AAAAIAA0AGgAkAFAAAAAAAAACAQAAAAAAAAAFAAAAAAAAAAAAAAAAAAABzA==}}
