%% This BibTeX bibliography file was created using BibDesk.
%% https://bibdesk.sourceforge.io/

%% Created for Tim Brust at 2019-08-01 7:32:04 PM +0200 


%% Saved with string encoding Unicode (UTF-8) 



@url{apple_s2v,
	Author = {Apple Support},
	Date = {2019-05-29},
	Date-Added = {2019-08-01 7:23:23 PM +0200},
	Date-Modified = {2019-08-01 7:28:40 PM +0200},
	Keywords = {internet},
	Title = {Two-step verification for Apple ID },
	Url = {https://support.apple.com/en-us/HT204152},
	Urldate = {2019-08-01},
	Bdsk-Url-1 = {https://support.apple.com/en-us/HT204152}}

@url{apple_2fa,
	Author = {Apple Support},
	Date = {2019-07-30},
	Date-Added = {2019-08-01 7:22:25 PM +0200},
	Date-Modified = {2019-08-01 7:28:42 PM +0200},
	Keywords = {internet},
	Title = {Two-factor authentication for Apple ID},
	Url = {https://support.apple.com/en-us/HT204915},
	Urldate = {2019-08-01},
	Bdsk-Url-1 = {https://support.apple.com/en-us/HT204915}}

@url{microsoft_2sv,
	Author = {Microsoft},
	Date = {2019-07-25},
	Date-Added = {2019-08-01 7:20:57 PM +0200},
	Date-Modified = {2019-08-01 7:32:04 PM +0200},
	Keywords = {internet},
	Title = {How to use two-step verification with your Microsoft account},
	Url = {https://support.microsoft.com/en-us/help/12408/microsoft-account-how-to-use-two-step-verification},
	Urldate = {2019-08-01},
	Bdsk-Url-1 = {https://support.microsoft.com/en-us/help/12408/microsoft-account-how-to-use-two-step-verification}}

@url{google_2-step_verification,
	Author = {Google},
	Date-Added = {2019-08-01 7:17:00 PM +0200},
	Date-Modified = {2019-08-01 7:28:45 PM +0200},
	Keywords = {internet},
	Title = {Google 2-Step Verification},
	Url = {https://www.google.com/landing/2step/},
	Urldate = {2019-08-01},
	Bdsk-Url-1 = {https://www.google.com/landing/2step/}}

@url{playstation,
	Author = {PlayStation},
	Date-Added = {2019-08-01 7:15:49 PM +0200},
	Date-Modified = {2019-08-01 7:28:47 PM +0200},
	Howpublished = {Website},
	Keywords = {internet},
	Title = {2-Step Verification},
	Url = {https://www.playstation.com/en-us/account-security/2-step-verification/},
	Bdsk-Url-1 = {https://www.playstation.com/en-us/account-security/2-step-verification/}}
