%% This BibTeX bibliography file was created using BibDesk.
%% https://bibdesk.sourceforge.io/

%% Created for Tim Brust at 2019-08-25 21:40:41 +0200 


%% Saved with string encoding Unicode (UTF-8) 



@techreport{iso9797-1,
	Address = {Geneva, Switzerland},
	Author = {ISO/IEC 9797-1:2011},
	Date-Added = {2019-08-25 21:37:42 +0200},
	Date-Modified = {2019-08-25 21:37:42 +0200},
	Edition = {2},
	Institution = {International Organization for Standardization},
	Month = {03},
	Number = {9797-1},
	Title = {Information technology -- Security techniques -- Message Authentication Codes (MACs) -- Part 1: Mechanisms using a block cipher},
	Type = {Standard},
	Year = {2011}}

@techreport{iso9797-2,
	Address = {Geneva, Switzerland},
	Author = {ISO/IEC 9797-2:2011},
	Date-Added = {2019-08-25 21:34:49 +0200},
	Date-Modified = {2019-08-25 21:38:22 +0200},
	Edition = {2},
	Institution = {International Organization for Standardization},
	Month = {05},
	Number = {9797-2},
	Title = {Information technology -- Security techniques -- Message Authentication Codes (MACs) -- Part 2: Mechanisms using a dedicated hash-function},
	Type = {Standard},
	Year = {2011}}

@techreport{FIPS198,
	Author = {James M. Turner},
	Date-Added = {2019-08-25 21:19:51 +0200},
	Date-Modified = {2019-08-25 21:21:41 +0200},
	Doi = {10.6028/nist.fips.198-1},
	Institution = {National Institute of Standards and Technology},
	Month = 07,
	Publisher = {National Institute of Standards and Technology},
	Title = {The Keyed-Hash Message Authentication Code ({HMAC})},
	Year = {2008},
	Bdsk-File-1 = {YnBsaXN0MDDSAQIDBFxyZWxhdGl2ZVBhdGhZYWxpYXNEYXRhXxBbLi4vLi4vLi4vLi4vLi4vVm9sdW1lcy91QUs2czhSZVJ5MzlfMC9NYXN0ZXIgVGhlc2lzL1NvdXJjZXMvUGFwZXJzL05JU1QvTklTVCBGSVBTIDE5OC0xLnBkZk8RAYYAAAAAAYYAAgAABVdJTkdTAAAAAAAAAAAAAAAAAAAAAAAAAAAAAAAAAABCRAAB/////xNOSVNUIEZJUFMgMTk4LTEucGRmAAAAAAAAAAAAAAAAAAAAAAAAAAAAAAAAAAAAAAAAAAAAAAAAAAAAAAAAAAD/////AAAAAAAAAAAAAAAA/////wAAEgBjdQAAAAAAAAAAAAAAAAAETklTVAACAE4vOlZvbHVtZXM6dUFLNnM4UmVSeTM5XzA6TWFzdGVyIFRoZXNpczpTb3VyY2VzOlBhcGVyczpOSVNUOk5JU1QgRklQUyAxOTgtMS5wZGYADgAoABMATgBJAFMAVAAgAEYASQBQAFMAIAAxADkAOAAtADEALgBwAGQAZgAPAAwABQBXAEkATgBHAFMAEgA2L01hc3RlciBUaGVzaXMvU291cmNlcy9QYXBlcnMvTklTVC9OSVNUIEZJUFMgMTk4LTEucGRmABMAFy9Wb2x1bWVzL3VBSzZzOFJlUnkzOV8wAP//AAAACAANABoAJACCAAAAAAAAAgEAAAAAAAAABQAAAAAAAAAAAAAAAAAAAgw=}}

@book{deutschlandgrundschutz,
	Address = {Cologne, Germany},
	Author = {Bundesamt f{\"u}r Sicherheit in der Informationstechnik},
	Date-Added = {2019-07-25 18:37:00 +0200},
	Date-Modified = {2019-07-25 18:38:14 +0200},
	Edition = {15},
	Isbn = {978-3-88784-915-3},
	Publisher = {Bundesanzeiger Verlag},
	Title = {IT-Grundschutz-Kataloge},
	Year = {2016},
	Bdsk-File-1 = {YnBsaXN0MDDSAQIDBFxyZWxhdGl2ZVBhdGhZYWxpYXNEYXRhXxBBLi4vLi4vU291cmNlcy9QYXBlcnMvQlNJL0lULUdydW5kc2NodXR6LUthdGFsb2dlXzIwMTZfRUwxNV9ERS5wZGZPEQHYAAAAAAHYAAIAAAVXSU5HUwAAAAAAAAAAAAAAAAAAAAAAAAAAAAAAAAAAQkQAAf////8fSVQtR3J1bmRzY2h1dHotS2F0I0ZGRkZGRkZGLnBkZgAAAAAAAAAAAAAAAAAAAAAAAAAAAAAAAAAAAAAAAAAA/////wAAAAAAAAAAAAAAAAACAAQAABIAY3UAAAAAAAAAAAAAAAAAA0JTSQAAAgBhLzpWb2x1bWVzOkRUQmEyNDVkUl85TV8wOk1hc3RlcnRoZXNpczpTb3VyY2VzOlBhcGVyczpCU0k6SVQtR3J1bmRzY2h1dHotS2F0YWxvZ2VfMjAxNl9FTDE1X0RFLnBkZgAADgBSACgASQBUAC0ARwByAHUAbgBkAHMAYwBoAHUAdAB6AC0ASwBhAHQAYQBsAG8AZwBlAF8AMgAwADEANgBfAEUATAAxADUAXwBEAEUALgBwAGQAZgAPAAwABQBXAEkATgBHAFMAEgBJL01hc3RlcnRoZXNpcy9Tb3VyY2VzL1BhcGVycy9CU0kvSVQtR3J1bmRzY2h1dHotS2F0YWxvZ2VfMjAxNl9FTDE1X0RFLnBkZgAAEwAXL1ZvbHVtZXMvRFRCYTI0NWRSXzlNXzAA//8AAAAIAA0AGgAkAGgAAAAAAAACAQAAAAAAAAAFAAAAAAAAAAAAAAAAAAACRA==}}

@book{deutschland2018grundschutz,
	Address = {Cologne, Germany},
	Author = {Bundesamt f{\"u}r Sicherheit in der Informationstechnik},
	Date-Added = {2019-07-25 18:33:13 +0200},
	Date-Modified = {2019-07-25 18:34:42 +0200},
	Edition = {2},
	Isbn = {978-3-8462-0906-6},
	Publisher = {Bundesanzeiger Verlag},
	Title = {IT-Grundschutz-Kompendium},
	Year = {2019},
	Bdsk-File-1 = {YnBsaXN0MDDSAQIDBFxyZWxhdGl2ZVBhdGhZYWxpYXNEYXRhXxBCLi4vLi4vU291cmNlcy9QYXBlcnMvQlNJL0lUX0dydW5kc2NodXR6X0tvbXBlbmRpdW1fRWRpdGlvbjIwMTkucGRmTxEB2gAAAAAB2gACAAAFV0lOR1MAAAAAAAAAAAAAAAAAAAAAAAAAAAAAAAAAAEJEAAH/////H0lUX0dydW5kc2NodXR6X0tvbSNGRkZGRkZGRi5wZGYAAAAAAAAAAAAAAAAAAAAAAAAAAAAAAAAAAAAAAAAAAP////8AAAAAAAAAAAAAAAAAAgAEAAASAGN1AAAAAAAAAAAAAAAAAANCU0kAAAIAYi86Vm9sdW1lczpEVEJhMjQ1ZFJfOU1fMDpNYXN0ZXJ0aGVzaXM6U291cmNlczpQYXBlcnM6QlNJOklUX0dydW5kc2NodXR6X0tvbXBlbmRpdW1fRWRpdGlvbjIwMTkucGRmAA4AVAApAEkAVABfAEcAcgB1AG4AZABzAGMAaAB1AHQAegBfAEsAbwBtAHAAZQBuAGQAaQB1AG0AXwBFAGQAaQB0AGkAbwBuADIAMAAxADkALgBwAGQAZgAPAAwABQBXAEkATgBHAFMAEgBKL01hc3RlcnRoZXNpcy9Tb3VyY2VzL1BhcGVycy9CU0kvSVRfR3J1bmRzY2h1dHpfS29tcGVuZGl1bV9FZGl0aW9uMjAxOS5wZGYAEwAXL1ZvbHVtZXMvRFRCYTI0NWRSXzlNXzAA//8AAAAIAA0AGgAkAGkAAAAAAAACAQAAAAAAAAAFAAAAAAAAAAAAAAAAAAACRw==}}

@article{bsi2019recommendations,
	Author = {Federal Office for Information Security},
	Date-Added = {2019-07-18 7:03:37 PM +0200},
	Date-Modified = {2019-08-25 21:40:37 +0200},
	Journal = {Technical Guideline TR-02102-1, Federal Office for Information Security},
	Month = {02},
	Title = {Cryptographic Mechanisms: Recommendations and Key Lengths},
	Volume = {1},
	Year = {2019},
	Bdsk-File-1 = {YnBsaXN0MDDSAQIDBFxyZWxhdGl2ZVBhdGhZYWxpYXNEYXRhXxBZLi4vLi4vLi4vLi4vLi4vVm9sdW1lcy91QUs2czhSZVJ5MzlfMC9NYXN0ZXIgVGhlc2lzL1NvdXJjZXMvUGFwZXJzL0JTSS9CU0ktVFItMDIxMDItMS5wZGZPEQGAAAAAAAGAAAIAAAVXSU5HUwAAAAAAAAAAAAAAAAAAAAAAAAAAAAAAAAAAQkQAAf////8SQlNJLVRSLTAyMTAyLTEucGRmAAAAAAAAAAAAAAAAAAAAAAAAAAAAAAAAAAAAAAAAAAAAAAAAAAAAAAAAAAAA/////wAAAAAAAAAAAAAAAP////8AABIAY3UAAAAAAAAAAAAAAAAAA0JTSQAAAgBMLzpWb2x1bWVzOnVBSzZzOFJlUnkzOV8wOk1hc3RlciBUaGVzaXM6U291cmNlczpQYXBlcnM6QlNJOkJTSS1UUi0wMjEwMi0xLnBkZgAOACYAEgBCAFMASQAtAFQAUgAtADAAMgAxADAAMgAtADEALgBwAGQAZgAPAAwABQBXAEkATgBHAFMAEgA0L01hc3RlciBUaGVzaXMvU291cmNlcy9QYXBlcnMvQlNJL0JTSS1UUi0wMjEwMi0xLnBkZgATABcvVm9sdW1lcy91QUs2czhSZVJ5MzlfMAD//wAAAAgADQAaACQAgAAAAAAAAAIBAAAAAAAAAAUAAAAAAAAAAAAAAAAAAAIE}}
