%% This BibTeX bibliography file was created using BibDesk.
%% https://bibdesk.sourceforge.io/

%% Created for Tim Brust at 2019-08-20 00:46:55 +0200 


%% Saved with string encoding Unicode (UTF-8) 



@electronic{bka-cybercrime,
	Author = {Bundeskriminalamt},
	Date = {2017-09},
	Date-Added = {2019-08-20 00:42:01 +0200},
	Date-Modified = {2019-08-20 00:43:44 +0200},
	Keywords = {internet},
	Title = {Cybercrime, Bundeslagebild 2017},
	Url = {https://www.bka.de/SharedDocs/Downloads/DE/Publikationen/JahresberichteUndLagebilder/Cybercrime/cybercrimeBundeslagebild2017.pdf},
	Urldate = {2019-08-20},
	Bdsk-Url-1 = {https://www.bka.de/SharedDocs/Downloads/DE/Publikationen/JahresberichteUndLagebilder/Cybercrime/cybercrimeBundeslagebild2017.pdf?__blob=publicationFile&v=3}}

@electronic{web-de-passwords,
	Author = {Christian Friemel },
	Date = {2019-03-27},
	Date-Added = {2019-08-20 00:34:42 +0200},
	Date-Modified = {2019-08-20 00:45:51 +0200},
	Keywords = {internet},
	Title = {Trotz \glqq Collection \#1-5\grqq : Beim Passwortschutz lernen deutsche Internet-Nutzer nur langsam dazu},
	Url = {https://newsroom.web.de/2019/03/27/trotz-collection-1-5-beim-passwortschutz-lernen-deutsche-internet-nutzer-nur-langsam-dazu/},
	Urldate = {2019-08-20},
	Bdsk-Url-1 = {https://newsroom.web.de/2019/03/27/trotz-collection-1-5-beim-passwortschutz-lernen-deutsche-internet-nutzer-nur-langsam-dazu/}}

@electronic{infratest-dimap,
	Author = {infratest dimap},
	Date = {2019-01},
	Date-Added = {2019-08-20 00:29:26 +0200},
	Date-Modified = {2019-08-20 00:44:22 +0200},
	Keywords = {internet},
	Title = {ARD -- DeutschlandTREND Januar 2019},
	Url = {https://www.infratest-dimap.de/fileadmin/user_upload/dt1901_bericht.pdf},
	Urldate = {2019-08-20},
	Bdsk-Url-1 = {https://www.infratest-dimap.de/fileadmin/user_upload/dt1901_bericht.pdf}}

@electronic{ibm-security,
	Author = {Limor Kessem},
	Date-Added = {2019-08-20 00:22:25 +0200},
	Date-Modified = {2019-08-20 00:44:04 +0200},
	Keywords = {internet},
	Title = {IBM Security: Future of Identity Study},
	Url = {https://www.ibm.com/downloads/cas/QRBY08NO},
	Urldate = {2019-08-20},
	Year = {2018-01},
	Bdsk-Url-1 = {https://www.ibm.com/downloads/cas/QRBY08NO}}
