%% This BibTeX bibliography file was created using BibDesk.
%% https://bibdesk.sourceforge.io/

%% Created for Tim Brust at 2019-09-03 23:49:16 +0200 


%% Saved with string encoding Unicode (UTF-8) 



@mastersthesis{electronic_certification_mobile_devices,
	Author = {Nuno Alvarez Fernandes},
	Date-Added = {2019-09-03 23:45:30 +0200},
	Date-Modified = {2019-09-03 23:47:37 +0200},
	Doi = {10.13140/RG.2.1.2397.8323 },
	Month = {11},
	School = {Instituto Superior T{\'e}cnico},
	Title = {Reliable electronic certification on mobile devices},
	Year = {2015},
	Bdsk-File-1 = {YnBsaXN0MDDSAQIDBFxyZWxhdGl2ZVBhdGhZYWxpYXNEYXRhXxBTLi4vLi4vLi4vLi4vLi4vVm9sdW1lcy91QUs2czhSZVJ5MzlfMC9NYXN0ZXIgVGhlc2lzL1NvdXJjZXMvVGhlc2lzL2Rpc3NlcnRhdGlvbi5wZGZPEQFyAAAAAAFyAAIAAAVXSU5HUwAAAAAAAAAAAAAAAAAAAAAAAAAAAAAAAAAAQkQAAf////8QZGlzc2VydGF0aW9uLnBkZgAAAAAAAAAAAAAAAAAAAAAAAAAAAAAAAAAAAAAAAAAAAAAAAAAAAAAAAAAAAAAA/////wAAAAAAAAAAAAAAAP////8AABIAY3UAAAAAAAAAAAAAAAAABlRoZXNpcwACAEYvOlZvbHVtZXM6dUFLNnM4UmVSeTM5XzA6TWFzdGVyIFRoZXNpczpTb3VyY2VzOlRoZXNpczpkaXNzZXJ0YXRpb24ucGRmAA4AIgAQAGQAaQBzAHMAZQByAHQAYQB0AGkAbwBuAC4AcABkAGYADwAMAAUAVwBJAE4ARwBTABIALi9NYXN0ZXIgVGhlc2lzL1NvdXJjZXMvVGhlc2lzL2Rpc3NlcnRhdGlvbi5wZGYAEwAXL1ZvbHVtZXMvdUFLNnM4UmVSeTM5XzAA//8AAAAIAA0AGgAkAHoAAAAAAAACAQAAAAAAAAAFAAAAAAAAAAAAAAAAAAAB8A==}}

@mastersthesis{analysis_fido_master_thesis,
	Author = {Anna Angelogianni},
	Date-Added = {2019-04-25 16:23:45 +0200},
	Date-Modified = {2019-09-03 23:48:26 +0200},
	Month = {07},
	School = {University of Piraeus},
	Title = {Analysis and implementation of the FIDO protocol in a trusted environment},
	Year = {2018},
	Bdsk-File-1 = {YnBsaXN0MDDSAQIDBFxyZWxhdGl2ZVBhdGhZYWxpYXNEYXRhXxCQLi4vLi4vLi4vLi4vLi4vVm9sdW1lcy91QUs2czhSZVJ5MzlfMC9NYXN0ZXIgVGhlc2lzL1NvdXJjZXMvVGhlc2lzL0FOQUxZU0lTIEFORCBJTVBMRU1FTlRBVElPTiBPRiBUSEUgRklETyBQUk9UT0NPTCBJTiBBIFRSVVNURUQgRU5WSVJPTk1FTlQucGRmTxECaAAAAAACaAACAAAFV0lOR1MAAAAAAAAAAAAAAAAAAAAAAAAAAAAAAAAAAEJEAAH/////H0FOQUxZU0lTIEFORCBJTVBMRSNGRkZGRkZGRi5wZGYAAAAAAAAAAAAAAAAAAAAAAAAAAAAAAAAAAAAAAAAAAP////8AAAAAAAAAAAAAAAD/////AAASAGN1AAAAAAAAAAAAAAAAAAZUaGVzaXMAAgCDLzpWb2x1bWVzOnVBSzZzOFJlUnkzOV8wOk1hc3RlciBUaGVzaXM6U291cmNlczpUaGVzaXM6QU5BTFlTSVMgQU5EIElNUExFTUVOVEFUSU9OIE9GIFRIRSBGSURPIFBST1RPQ09MIElOIEEgVFJVU1RFRCBFTlZJUk9OTUVOVC5wZGYAAA4AnABNAEEATgBBAEwAWQBTAEkAUwAgAEEATgBEACAASQBNAFAATABFAE0ARQBOAFQAQQBUAEkATwBOACAATwBGACAAVABIAEUAIABGAEkARABPACAAUABSAE8AVABPAEMATwBMACAASQBOACAAQQAgAFQAUgBVAFMAVABFAEQAIABFAE4AVgBJAFIATwBOAE0ARQBOAFQALgBwAGQAZgAPAAwABQBXAEkATgBHAFMAEgBrL01hc3RlciBUaGVzaXMvU291cmNlcy9UaGVzaXMvQU5BTFlTSVMgQU5EIElNUExFTUVOVEFUSU9OIE9GIFRIRSBGSURPIFBST1RPQ09MIElOIEEgVFJVU1RFRCBFTlZJUk9OTUVOVC5wZGYAABMAFy9Wb2x1bWVzL3VBSzZzOFJlUnkzOV8wAP//AAAACAANABoAJAC3AAAAAAAAAgEAAAAAAAAABQAAAAAAAAAAAAAAAAAAAyM=}}
