%% This BibTeX bibliography file was created using BibDesk.
%% https://bibdesk.sourceforge.io/

%% Created for Tim Brust at 2019-01-22 23:44:59 +0100 


%% Saved with string encoding Unicode (UTF-8) 



@inproceedings{10.1007/978-3-658-11274-5_8,
	Abstract = {W{\"a}hrend es beim Thema IT-Sicherheit noch sehr stark um politische Rahmenbedingungen, Regularien und Standards geht, gibt es nat{\"u}rlich bereits L{\"o}sungen, die vern{\"u}nftig funktionieren und weiterentwickelt werden. Politische Rahmenbedingungen sind nat{\"u}rlich wichtig, aber es muss auf der technischen Ebene im t{\"a}glichen Leben funktionieren. FIDO steht f{\"u}r Fast IDentity Online und steht f{\"u}r das Thema Datensicherheit im Allgemeinen und Authentifizierung und Identifikation im Speziellen.},
	Address = {Wiesbaden},
	Author = {Nguyen, Kim},
	Booktitle = {Sicherheit im Wandel von Technologien und M{\"a}rkten},
	Date-Added = {2019-01-22 23:43:39 +0100},
	Date-Modified = {2019-01-22 23:43:39 +0100},
	Editor = {Bub, Udo and Deleski, Viktor and Wolfenstetter, Klaus-Dieter},
	Isbn = {978-3-658-11274-5},
	Pages = {49--54},
	Publisher = {Springer Fachmedien Wiesbaden},
	Title = {Neue Wege der hardware-basierten Authentisierung und Identifikation: FIDO, PKI und mehr},
	Year = {2015}}

@article{Spitz2016,
	Abstract = {Wer hat diese Erfahrung noch nicht gemacht, die Eingabe von PINs und Passw{\"o}rtern ist auf der kleineren â€žTouch``-Tastatur von mobilen Endger{\"a}ten besonders l{\"a}stig? Neue Authentisierungs-Mechanismen und -Protokolle bieten hier Abhilfe. Aber wie sicher sind diese Authentisierungsverfahren?},
	Author = {Spitz, Stephan},
	Date-Added = {2019-01-22 23:39:43 +0100},
	Date-Modified = {2019-01-22 23:39:49 +0100},
	Day = {01},
	Doi = {10.1007/s11623-016-0578-x},
	Issn = {1862-2607},
	Journal = {Datenschutz und Datensicherheit - DuD},
	Month = {Apr},
	Number = {4},
	Pages = {203--205},
	Title = {Mobile Multifaktor -- Authentisierung},
	Volume = {40},
	Year = {2016},
	Bdsk-Url-1 = {https://doi.org/10.1007/s11623-016-0578-x}}

@inproceedings{das2018johnny,
	Author = {Das, Sanchari and Dingman, Andrew and Camp, L Jean},
	Booktitle = {2018 International Conference on Financial Cryptography and Data Security (FC)},
	Date-Added = {2019-01-22 23:38:55 +0100},
	Date-Modified = {2019-01-22 23:38:55 +0100},
	Title = {Why Johnny Doesn't Use Two Factor A Two-Phase Usability Study of the FIDO U2F Security Key},
	Year = {2018}}

@article{1025571,
	Author = {Taekyoung Kwon},
	Date-Added = {2019-01-22 23:24:01 +0100},
	Date-Modified = {2019-01-22 23:24:01 +0100},
	Doi = {10.1109/LCOMM.2002.802034},
	Issn = {1089-7798},
	Journal = {IEEE Communications Letters},
	Keywords = {telecommunication security;message authentication;cryptography;protocols;impersonation attacks;software-only two-factor authentication;communications network;cryptographic camouflage;interleaved sessions;server;authentication protocol;DSA-based scheme;Authentication;Public key;Network servers;Communication networks;Cryptographic protocols;Monitoring;Smart cards;Public key cryptography;Protection;Information security},
	Month = {Aug},
	Number = {8},
	Pages = {358-360},
	Title = {Impersonation attacks on software-only two-factor authentication schemes},
	Volume = {6},
	Year = {2002},
	Bdsk-Url-1 = {https://doi.org/10.1109/LCOMM.2002.802034}}

@article{Beuchelt2018,
	Author = {Beuchelt, Gerald},
	Date-Added = {2019-01-22 23:20:40 +0100},
	Date-Modified = {2019-01-22 23:24:54 +0100},
	Day = {01},
	Doi = {10.1007/s35764-018-0094-x},
	Issn = {1867-5913},
	Journal = {Wirtschaftsinformatik {\&} Management},
	Month = {Oct},
	Number = {5},
	Pages = {18--21},
	Title = {Schwache Passw{\"o}rter --- Nutzer spielen weiterhin Vogel Strau{\ss}},
	Volume = {10},
	Year = {2018},
	Bdsk-Url-1 = {https://doi.org/10.1007/s35764-018-0094-x}}

@book{9783486778489,
	Author = {Claudia Eckert},
	Date-Added = {2019-01-22 23:18:45 +0100},
	Date-Modified = {2019-01-22 23:19:29 +0100},
	Isbn = {9783486778489},
	Publisher = {De Gruyter Oldenbourg},
	Title = {IT-Sicherheit: Konzepte - Verfahren - Protokolle},
	Year = {2014},
	Bdsk-Url-1 = {https://www.amazon.com/-sicherheit-Konzepte-Verfahren-Protokolle-German/dp/348677848X?SubscriptionId=AKIAIOBINVZYXZQZ2U3A&tag=chimbori05-20&linkCode=xm2&camp=2025&creative=165953&creativeASIN=348677848X}}

@book{9781491937013,
	Author = {Jonathan LeBlanc and Tim Messerschmidt},
	Date-Added = {2019-01-22 23:10:55 +0100},
	Date-Modified = {2019-01-22 23:10:59 +0100},
	Isbn = {1491937017},
	Publisher = {O'Reilly Media},
	Title = {Identity and Data Security for Web Development: Best Practices},
	Year = {2016},
	Bdsk-Url-1 = {https://www.amazon.com/Identity-Data-Security-Web-Development/dp/1491937017?SubscriptionId=AKIAIOBINVZYXZQZ2U3A&tag=chimbori05-20&linkCode=xm2&camp=2025&creative=165953&creativeASIN=1491937017}}

@book{9781849287326,
	Author = {Mark Stanislav},
	Date-Added = {2019-01-22 23:09:43 +0100},
	Date-Modified = {2019-01-22 23:24:42 +0100},
	Isbn = {9781849287326},
	Publisher = {It Governance Publishing},
	Title = {Two-Factor Authentication},
	Year = {2015},
	Bdsk-Url-1 = {https://www.amazon.com/Two-Factor-Authentication-Governance-Publishing/dp/1849287325?SubscriptionId=AKIAIOBINVZYXZQZ2U3A&tag=chimbori05-20&linkCode=xm2&camp=2025&creative=165953&creativeASIN=1849287325}}

@inproceedings{5069395,
	Author = {F. Aloul and S. Zahidi and W. El-Hajj},
	Booktitle = {2009 IEEE/ACS International Conference on Computer Systems and Applications},
	Date-Added = {2019-01-22 23:07:36 +0100},
	Date-Modified = {2019-01-22 23:07:36 +0100},
	Doi = {10.1109/AICCSA.2009.5069395},
	Issn = {2161-5322},
	Keywords = {electronic messaging;message authentication;mobile computing;mobile handsets;synchronisation;two factor authentication;mobile phone;software token;one time password generation;SMS-based mechanism;synchronization;Authentication;Mobile handsets;Security;Computer hacking;Banking;Educational institutions;Mobile communication;Costs;GSM;System testing},
	Month = {May},
	Pages = {641-644},
	Title = {Two factor authentication using mobile phones},
	Year = {2009},
	Bdsk-Url-1 = {https://doi.org/10.1109/AICCSA.2009.5069395}}

@book{9781491962190,
	Author = {Evan Gilman and Doug Barth},
	Date-Added = {2019-01-22 22:43:45 +0100},
	Date-Modified = {2019-01-22 22:57:34 +0100},
	Isbn = {9781491962190},
	Publisher = {O'Reilly Media},
	Title = {Zero Trust Networks: Building Secure Systems in Untrusted Networks},
	Year = {2017},
	Bdsk-Url-1 = {https://www.amazon.com/Zero-Trust-Networks-Building-Untrusted/dp/1491962194?SubscriptionId=AKIAIOBINVZYXZQZ2U3A&tag=chimbori05-20&linkCode=xm2&camp=2025&creative=165953&creativeASIN=1491962194}}

@book{9781484226001,
	Author = {Michael Schwartz and Maciej Machulak},
	Date-Added = {2019-01-22 22:41:18 +0100},
	Date-Modified = {2019-01-22 22:58:11 +0100},
	Isbn = {9781484226001},
	Publisher = {Apress},
	Title = {Securing the Perimeter: Deploying Identity and Access Management with Free Open Source Software},
	Year = {2018},
	Bdsk-Url-1 = {https://www.amazon.com/Securing-Perimeter-Deploying-Identity-Management-ebook/dp/B07FPBWPVM?SubscriptionId=AKIAIOBINVZYXZQZ2U3A&tag=chimbori05-20&linkCode=xm2&camp=2025&creative=165953&creativeASIN=B07FPBWPVM}}

@inproceedings{8030669,
	Author = {D. Ulybyshev and B. Bhargava and M. Villarreal-Vasquez and A. O. Alsalem and D. Steiner and L. Li and J. Kobes and H. Halpin and R. Ranchal},
	Booktitle = {2017 IEEE 10th International Conference on Cloud Computing (CLOUD)},
	Date-Added = {2019-01-22 22:38:27 +0100},
	Date-Modified = {2019-01-22 22:38:27 +0100},
	Doi = {10.1109/CLOUD.2017.111},
	Issn = {2159-6190},
	Keywords = {authorisation;business data processing;cloud computing;cryptography;data privacy;service-oriented architecture;privacy-preserving data dissemination;untrusted cloud;SOA;decomposed business services;cloud platform;shared database;data requests;cloud enterprise framework;business-to-business system;nonrelational encrypted key-value store;service-oriented architecture;data sharing;cloud-hosted database;data leakage detection;role-based access control;cryptographic capabilities;client browser;authentication method;subject trust level;electronic health records;EHRs;Cryptography;Authentication;Browsers;Access control;Cloud computing;Databases;Medical services;privacy;trust management;data dissemination;access control;SOA;database privacy;cloud computing},
	Month = {June},
	Pages = {770-773},
	Title = {Privacy-Preserving Data Dissemination in Untrusted Cloud},
	Year = {2017},
	Bdsk-Url-1 = {https://doi.org/10.1109/CLOUD.2017.111}}

@inproceedings{cairns2016security,
	Author = {Cairns, Kelsey and Halpin, Harry and Steel, Graham},
	Booktitle = {International Conference on Research in Security Standardisation},
	Date-Added = {2019-01-22 22:36:45 +0100},
	Date-Modified = {2019-01-22 22:36:45 +0100},
	Organization = {Springer},
	Pages = {112--140},
	Title = {Security analysis of the W3C web cryptography API},
	Year = {2016}}
